<?xml version="1.0" encoding="UTF-8"?><collection xmlns="http://www.loc.gov/MARC21/slim"><record><leader>00398nam--2200157-u-4500</leader><controlfield tag="001">000052016</controlfield><controlfield tag="002">20161230</controlfield><controlfield tag="005">20161230201049</controlfield><controlfield tag="008">090528s1000------------r-----000-0-eng-d</controlfield><datafield ind1=" " ind2=" " tag="040"><subfield code="a">IFIN-HH</subfield></datafield><datafield ind1=" " ind2=" " tag="080"><subfield code="a">517.98</subfield></datafield><datafield ind1="1" ind2=" " tag="100"><subfield code="a">Fuks, B.A</subfield></datafield><datafield ind1="1" ind2=" " tag="245"><subfield code="a">Teoriya Analiticheskikh Funktsii Mnogikh Kompleksnykh Peremennykh</subfield></datafield><datafield ind1=" " ind2=" " tag="260"><subfield code="a">Ogiz</subfield><subfield code="c">1948</subfield></datafield><datafield ind1=" " ind2=" " tag="852"><subfield code="a">78526</subfield><subfield code="c">517.9</subfield></datafield><datafield ind1=" " ind2=" " tag="CAT"><subfield code="a">Sys</subfield><subfield code="c">20090528</subfield><subfield code="h">125807</subfield></datafield></record></collection>